@misc{yahoo,
  title = {Yahoo Finance Visualization Tool},
  howpublished = {\url{https://finance.yahoo.com/quote/%5EGSPC?p=%5eGSPC}},
  note = {Accessed: 2018-04-28}
}

@misc{tech,
  title = {Cambridge Technical Analysis of Stock Prices},
  howpublished = {\url{https://www.mrao.cam.ac.uk/~mph/Technical_Analysis.pdf}},
  note = {Accessed: 2018-05-03}
}

@misc{alpha,
  title = {Alpha Vantage API},
  howpublished = {\url{https://www.alphavantage.co/documentation/}},
  note = {Accessed: 2018-03-10}
}

@misc{invest,
  title = {Investopedia},
  howpublished = {\url{https://www.investopedia.com}},
  note = {Accessed: 2018-03-10}
}

@INPROCEEDINGS{simuic,
    author = {Krešimir Šimunić},
    title = {Visualization of Stock Market Charts},
    booktitle = {In Proceedings from the 11th International Conference in Central Europe on Computer Graphics, Visualization and Computer Vision 2003 (2003), Plzen-Bory (CZ), 2003},
    year = {2003}
}

@article{article,
author = {Joseph, J and Indratmo, Indratmo},
year = {2013},
month = {01},
pages = {488-491},
title = {Visualizing stock market data with self-organizing map},
booktitle = {FLAIRS 2013 - Proceedings of the 26th International Florida Artificial Intelligence Research Society Conference}
}

@ARTICLE{storytelling,
author={K. L. Ma and I. Liao and J. Frazier and H. Hauser and H. N. Kostis},
journal={IEEE Computer Graphics and Applications},
title={Scientific Storytelling Using Visualization},
year={2012},
volume={32},
number={1},
pages={12-19},
keywords={data visualisation;natural sciences computing;literary narrative convention;scientific data visualization;scientific storytelling;theatrical narrative convention;Data visualization;Information resources;Knowledge transfer;Science (general);AniViz;Exploratorium;computer graphics;graphics and multimedia;information visualization;scientific storytelling;scientific visualization;storytelling},
doi={10.1109/MCG.2012.24},
ISSN={0272-1716},
month={Jan},}
